<?xml version="1.0" encoding="UTF-8"?><collection xmlns="http://www.loc.gov/MARC21/slim"><record><leader>00459nam--2200169-i-4500</leader><controlfield tag="001">000029785</controlfield><controlfield tag="002">20161230</controlfield><controlfield tag="005">20161230201037</controlfield><controlfield tag="008">060222s1000------------r-----000-0-eng-d</controlfield><datafield ind1=" " ind2=" " tag="040"><subfield code="a">IFIN-HH</subfield></datafield><datafield ind1=" " ind2=" " tag="080"><subfield code="a">539.126.6</subfield></datafield><datafield ind1="1" ind2=" " tag="100"><subfield code="a">Lovelace, C</subfield></datafield><datafield ind1="1" ind2="0" tag="245"><subfield code="a">Baryon resonances and related phenomenology</subfield><subfield code="c">C. lovelace</subfield></datafield><datafield ind1=" " ind2=" " tag="260"><subfield code="a">Rutgers, New Jersey</subfield><subfield code="b">Rutgers University</subfield><subfield code="c">1972</subfield></datafield><datafield ind1=" " ind2=" " tag="300"><subfield code="a">48P.+ 25 FIG</subfield></datafield><datafield ind1=" " ind2=" " tag="852"><subfield code="a">24096</subfield><subfield code="c">539.12</subfield></datafield><datafield ind1=" " ind2=" " tag="CAT"><subfield code="a">Sys</subfield><subfield code="c">20111104</subfield><subfield code="h">134948</subfield></datafield></record></collection>